@article{10453409,
  author   = {Griffiths, T. and Conti, Z. Xuereb and Hidalgo-Salaverri, J. and Bluck, M.},
  journal  = {IEEE Transactions on Plasma Science},
  title    = {Using Bayesian Networks as Metamodels for Predicting Uncertain Fusion Economics in Spherical Tokamaks},
  year     = {2024},
  volume   = {},
  number   = {},
  pages    = {1-7},
  keywords = {Costs;Codes;Power generation;Bayes methods;Data models;Testing;Probabilistic logic;Bayesian networks;energy;fusion commercialization;fusion economics;fusion power;machine learning (ML);metamodels;surrogate modeling},
  doi      = {10.1109/TPS.2024.3359761}
}